<?xml version="1.0" encoding="UTF-8"?><collection xmlns="http://www.loc.gov/MARC21/slim"><record><leader>00485nam--2200181-i-4500</leader><controlfield tag="001">000045547</controlfield><controlfield tag="002">20161230</controlfield><controlfield tag="005">20161230201045</controlfield><controlfield tag="008">060222s1000------------r-----000-0-eng-d</controlfield><datafield ind1=" " ind2=" " tag="040"><subfield code="a">IFIN-HH</subfield></datafield><datafield ind1=" " ind2=" " tag="080"><subfield code="a">535.5.013</subfield></datafield><datafield ind1="1" ind2=" " tag="100"><subfield code="a">Tritton,D.J</subfield></datafield><datafield ind1="1" ind2="0" tag="245"><subfield code="a">Physical fluid dynamics</subfield><subfield code="c">D.j. tritton</subfield></datafield><datafield ind1=" " ind2=" " tag="260"><subfield code="a">New York, Van Nostrand Reinhold Comp.,1977</subfield></datafield><datafield ind1=" " ind2=" " tag="300"><subfield code="a">XV + 362 P</subfield></datafield><datafield ind1=" " ind2=" " tag="490"><subfield code="a">The Modern University Physics Series</subfield></datafield><datafield ind1=" " ind2=" " tag="852"><subfield code="a">46694</subfield><subfield code="c">532</subfield></datafield><datafield ind1=" " ind2=" " tag="CAT"><subfield code="a">Sys</subfield><subfield code="c">20100721</subfield><subfield code="h">143843</subfield></datafield></record></collection>